@article{brooks1986, 
    author={Brooks, R.A.}, 
    journal={Robotics and Automation, IEEE Journal of}, title={A robust
        layered control system for a mobile robot}, 
    year={1986}, 
    volume={2}, 
    number={1}, 
    pages={14-23}
}

@article{bonani2009,
    author = {Bonani, M. and Raemy, X. and Pugh, J. and Mondana, F. and
    Cianci, C. and Klaptocz, A. and Magnenat, S. and Zufferey, J. C.
    and Floreano, D. and Martinoli, A.},
    journal = {Proceedings of the 9th Conference on Autnomous
    Robot Systems and Competitions},
    pages = {59--65},
    title = {{The e-puck, a Robot Designed for
    Education in Engineering}},
    volume = {1},
    year = {2009}
}

